<?xml version="1.0" encoding="UTF-8"?>
<record xmlns="http://www.loc.gov/MARC21/slim" xmlns:xsi="http://www.w3.org/2001/XMLSchema-instance" xsi:schemaLocation="http://www.loc.gov/MARC21/slim http://www.loc.gov/standards/marcxml/schema/MARC21slim.xsd">
<leader>     nam a2200277   4500</leader>
<controlfield tag="001">001679871</controlfield>
<controlfield tag="003">NNU</controlfield>
<controlfield tag="005">19961127174522.6</controlfield>
<controlfield tag="008">950531s1964    iq h     b    000 0 arao</controlfield>
<datafield tag="010" ind1=" " ind2=" ">
<subfield code="a">65001463</subfield>
</datafield>
<datafield tag="035" ind1="9" ind2=" ">
<subfield code="a">NYUb12223265</subfield>
</datafield>
<datafield tag="035" ind1=" " ind2=" ">
<subfield code="a">(MH)MHBIO52031HU</subfield>
</datafield>
<datafield tag="035" ind1=" " ind2=" ">
<subfield code="a">(OCoLC)32577353</subfield>
</datafield>
<datafield tag="035" ind1=" " ind2=" ">
<subfield code="a">(CStRLIN)MAHGBIO52031-B</subfield>
</datafield>
<datafield tag="040" ind1=" " ind2=" ">
<subfield code="a">DLC</subfield>
<subfield code="c">CU</subfield>
<subfield code="d">CU</subfield>
<subfield code="d">MH</subfield>
<subfield code="d">CStRLIN</subfield>
</datafield>
<datafield tag="050" ind1="0" ind2=" ">
<subfield code="a">PJ6161</subfield>
<subfield code="b">.Z3 1964</subfield>
</datafield>
<datafield tag="100" ind1="1" ind2=" ">
<subfield code="a">Zamlakānī, ʻAbd al-Wāḥid ibn ʻAbd al-Karīm,</subfield>
<subfield code="d">d. 1253.</subfield>
</datafield>
<datafield tag="245" ind1="1" ind2="3">
<subfield code="a">al-Tibyān fī ʻilm al-bayān al-muṭṭaliʻ ʻalá iʻjāz al-Qurʼān /</subfield>
<subfield code="c">taḥqīq Aḥmad Maṭlūb, Khadījah al-Ḥadīthī.</subfield>
</datafield>
<datafield tag="260" ind1=" " ind2=" ">
<subfield code="a">Baghdād :</subfield>
<subfield code="b">Maṭbaʻat al-ʻĀnī,</subfield>
<subfield code="c">[1964]</subfield>
</datafield>
<datafield tag="300" ind1=" " ind2=" ">
<subfield code="a">256 p. :</subfield>
<subfield code="b">facsims. ;</subfield>
<subfield code="c">24 cm.</subfield>
</datafield>
<datafield tag="500" ind1=" " ind2=" ">
<subfield code="a">Cover title: at-Tibyan fi ilm al-bayan, by Zamlakani. Edited with an introduction by Ahmed Matloub [and] Kh. al-Hadithi.</subfield>
</datafield>
<datafield tag="504" ind1=" " ind2=" ">
<subfield code="a">Includes bibliographical references (p. 201-203).</subfield>
</datafield>
<datafield tag="650" ind1=" " ind2="0">
<subfield code="a">Arabic language</subfield>
<subfield code="x">Rhetoric.</subfield>
</datafield>
<datafield tag="700" ind1="1" ind2=" ">
<subfield code="a">Maṭlūb, Aḥmad.</subfield>
</datafield>
<datafield tag="OWN" ind1=" " ind2=" ">
<subfield code="a">GENERAL</subfield>
</datafield>
<datafield tag="950" ind1=" " ind2=" ">
<subfield code="l">BMAIN</subfield>
<subfield code="a">PJ6161</subfield>
<subfield code="b">.Z3 1964</subfield>
</datafield>
<datafield tag="955" ind1=" " ind2=" ">
<subfield code="l">BMAIN</subfield>
<subfield code="c">1</subfield>
<subfield code="r">010469115</subfield>
</datafield>
<datafield tag="998" ind1=" " ind2=" ">
<subfield code="s">9115</subfield>
</datafield>
<datafield tag="AVA" ind1=" " ind2=" ">
<subfield code="a">NYU50</subfield>
<subfield code="b">BOBST</subfield>
<subfield code="c">Main Collection</subfield>
<subfield code="d">PJ6161 .Z3 1964</subfield>
<subfield code="e">unavailable</subfield>
<subfield code="t">Unavailable</subfield>
<subfield code="f">1</subfield>
<subfield code="g">1</subfield>
<subfield code="h">N</subfield>
<subfield code="i">0</subfield>
<subfield code="j">MAIN</subfield>
<subfield code="k">0</subfield>
</datafield>
</record>
